<?xml version="1.0" encoding="UTF-8"?>
  <record xmlns="http://www.loc.gov/MARC21/slim" type="Authority">
    <leader>00000nz  a2200000nc 4500</leader>
    <controlfield tag="001">118506374</controlfield>
    <controlfield tag="003">DE-101</controlfield>
    <controlfield tag="005">20220309170637.0</controlfield>
    <controlfield tag="008">880701n||azznnaabn           | aaa    |c</controlfield>
    <datafield tag="024" ind1="7" ind2=" ">
      <subfield code="a">118506374</subfield>
      <subfield code="0">http://d-nb.info/gnd/118506374</subfield>
      <subfield code="2">gnd</subfield>
    </datafield>
    <datafield tag="035" ind1=" " ind2=" ">
      <subfield code="a">(DE-101)118506374</subfield>
    </datafield>
    <datafield tag="035" ind1=" " ind2=" ">
      <subfield code="a">(DE-588)118506374</subfield>
    </datafield>
    <datafield tag="035" ind1=" " ind2=" ">
      <subfield code="z">(DE-588a)118506374</subfield>
      <subfield code="9">v:zg</subfield>
    </datafield>
    <datafield tag="035" ind1=" " ind2=" ">
      <subfield code="z">(DE-588a)186287690</subfield>
    </datafield>
    <datafield tag="035" ind1=" " ind2=" ">
      <subfield code="z">(DE-588a)186214170</subfield>
    </datafield>
    <datafield tag="035" ind1=" " ind2=" ">
      <subfield code="z">(DE-588a)174170106</subfield>
    </datafield>
    <datafield tag="035" ind1=" " ind2=" ">
      <subfield code="z">(DE-588a)174155336</subfield>
    </datafield>
    <datafield tag="035" ind1=" " ind2=" ">
      <subfield code="z">(DE-588a)171964772</subfield>
    </datafield>
    <datafield tag="035" ind1=" " ind2=" ">
      <subfield code="z">(DE-588a)134320700</subfield>
    </datafield>
    <datafield tag="035" ind1=" " ind2=" ">
      <subfield code="z">(DE-101c)310010705</subfield>
    </datafield>
    <datafield tag="035" ind1=" " ind2=" ">
      <subfield code="z">(DE-588c)4004412-9</subfield>
      <subfield code="9">v:zg</subfield>
    </datafield>
    <datafield tag="040" ind1=" " ind2=" ">
      <subfield code="a">DE-101</subfield>
      <subfield code="c">DE-101</subfield>
      <subfield code="9">r:DE-101</subfield>
      <subfield code="b">ger</subfield>
      <subfield code="d">9999</subfield>
    </datafield>
    <datafield tag="042" ind1=" " ind2=" ">
      <subfield code="a">gnd1</subfield>
    </datafield>
    <datafield tag="043" ind1=" " ind2=" ">
      <subfield code="c">XA-IT</subfield>
    </datafield>
    <datafield tag="065" ind1=" " ind2=" ">
      <subfield code="a">12.2p</subfield>
      <subfield code="2">sswd</subfield>
    </datafield>
    <datafield tag="065" ind1=" " ind2=" ">
      <subfield code="a">14.4p</subfield>
      <subfield code="2">sswd</subfield>
    </datafield>
    <datafield tag="075" ind1=" " ind2=" ">
      <subfield code="b">p</subfield>
      <subfield code="2">gndgen</subfield>
    </datafield>
    <datafield tag="075" ind1=" " ind2=" ">
      <subfield code="b">piz</subfield>
      <subfield code="2">gndspec</subfield>
    </datafield>
    <datafield tag="079" ind1=" " ind2=" ">
      <subfield code="a">g</subfield>
      <subfield code="q">s</subfield>
      <subfield code="q">a</subfield>
      <subfield code="q">f</subfield>
      <subfield code="q">m</subfield>
      <subfield code="q">z</subfield>
      <subfield code="u">v</subfield>
      <subfield code="u">m</subfield>
      <subfield code="u">k</subfield>
    </datafield>
    <datafield tag="100" ind1="1" ind2=" ">
      <subfield code="a">Banchieri, Adriano</subfield>
      <subfield code="d">1568-1634</subfield>
    </datafield>
    <datafield tag="375" ind1=" " ind2=" ">
      <subfield code="a">1</subfield>
      <subfield code="2">iso5218</subfield>
    </datafield>
    <datafield tag="400" ind1="1" ind2=" ">
      <subfield code="a">Banchieri, Tommaso</subfield>
      <subfield code="d">1568-1634</subfield>
      <subfield code="4">nawi</subfield>
      <subfield code="4">https://d-nb.info/standards/elementset/gnd#realIdentity</subfield>
      <subfield code="w">r</subfield>
      <subfield code="i">Wirklicher Name</subfield>
      <subfield code="e">Wirklicher Name</subfield>
    </datafield>
    <datafield tag="400" ind1="1" ind2=" ">
      <subfield code="a">Banchiero, Adriano</subfield>
      <subfield code="d">1568-1634</subfield>
    </datafield>
    <datafield tag="400" ind1="1" ind2=" ">
      <subfield code="a">Banchieri, Andriano</subfield>
      <subfield code="d">1568-1634</subfield>
    </datafield>
    <datafield tag="400" ind1="0" ind2=" ">
      <subfield code="a">Attabalippe</subfield>
      <subfield code="d">1568-1634</subfield>
      <subfield code="4">pseu</subfield>
      <subfield code="4">https://d-nb.info/standards/elementset/gnd#pseudonym</subfield>
      <subfield code="w">r</subfield>
      <subfield code="i">Pseudonym</subfield>
      <subfield code="e">Pseudonym</subfield>
    </datafield>
    <datafield tag="400" ind1="0" ind2=" ">
      <subfield code="a">Attalippo</subfield>
      <subfield code="c">dal Perù</subfield>
      <subfield code="d">1568-1634</subfield>
      <subfield code="4">pseu</subfield>
      <subfield code="4">https://d-nb.info/standards/elementset/gnd#pseudonym</subfield>
      <subfield code="w">r</subfield>
      <subfield code="i">Pseudonym</subfield>
      <subfield code="e">Pseudonym</subfield>
    </datafield>
    <datafield tag="400" ind1="0" ind2=" ">
      <subfield code="a">Atalippo</subfield>
      <subfield code="c">dal Perù</subfield>
      <subfield code="d">1568-1634</subfield>
      <subfield code="4">pseu</subfield>
      <subfield code="4">https://d-nb.info/standards/elementset/gnd#pseudonym</subfield>
      <subfield code="w">r</subfield>
      <subfield code="i">Pseudonym</subfield>
      <subfield code="e">Pseudonym</subfield>
    </datafield>
    <datafield tag="400" ind1="0" ind2=" ">
      <subfield code="a">Attabalippa</subfield>
      <subfield code="c">dal Perù</subfield>
      <subfield code="d">1568-1634</subfield>
      <subfield code="4">pseu</subfield>
      <subfield code="4">https://d-nb.info/standards/elementset/gnd#pseudonym</subfield>
      <subfield code="w">r</subfield>
      <subfield code="i">Pseudonym</subfield>
      <subfield code="e">Pseudonym</subfield>
    </datafield>
    <datafield tag="400" ind1="1" ind2=" ">
      <subfield code="a">Banchieri, Adrian</subfield>
      <subfield code="d">1568-1634</subfield>
    </datafield>
    <datafield tag="400" ind1="1" ind2=" ">
      <subfield code="a">Scaligeri dalla Fratta, Camillo</subfield>
      <subfield code="d">1568-1634</subfield>
      <subfield code="4">pseu</subfield>
      <subfield code="4">https://d-nb.info/standards/elementset/gnd#pseudonym</subfield>
      <subfield code="w">r</subfield>
      <subfield code="i">Pseudonym</subfield>
      <subfield code="e">Pseudonym</subfield>
      <subfield code="9">v:4ELRAKm</subfield>
    </datafield>
    <datafield tag="400" ind1="1" ind2=" ">
      <subfield code="a">Dalla Fratta, Camillo S.</subfield>
      <subfield code="d">1568-1634</subfield>
      <subfield code="4">pseu</subfield>
      <subfield code="4">https://d-nb.info/standards/elementset/gnd#pseudonym</subfield>
      <subfield code="w">r</subfield>
      <subfield code="i">Pseudonym</subfield>
      <subfield code="e">Pseudonym</subfield>
      <subfield code="9">v:4ELRAKm</subfield>
    </datafield>
    <datafield tag="400" ind1="1" ind2=" ">
      <subfield code="a">Fratta, Camillo S. &#152;dalla&#156;</subfield>
      <subfield code="d">1568-1634</subfield>
      <subfield code="4">pseu</subfield>
      <subfield code="4">https://d-nb.info/standards/elementset/gnd#pseudonym</subfield>
      <subfield code="w">r</subfield>
      <subfield code="i">Pseudonym</subfield>
      <subfield code="e">Pseudonym</subfield>
    </datafield>
    <datafield tag="400" ind1="1" ind2=" ">
      <subfield code="a">Scaliggeri dalla Fratta, Camillo</subfield>
      <subfield code="d">1568-1634</subfield>
      <subfield code="4">pseu</subfield>
      <subfield code="4">https://d-nb.info/standards/elementset/gnd#pseudonym</subfield>
      <subfield code="w">r</subfield>
      <subfield code="i">Pseudonym</subfield>
      <subfield code="e">Pseudonym</subfield>
      <subfield code="9">v:4ELRAKm</subfield>
    </datafield>
    <datafield tag="400" ind1="1" ind2=" ">
      <subfield code="a">Scaligeri DallaFratta, Camillo</subfield>
      <subfield code="d">1568-1634</subfield>
      <subfield code="4">pseu</subfield>
      <subfield code="4">https://d-nb.info/standards/elementset/gnd#pseudonym</subfield>
      <subfield code="w">r</subfield>
      <subfield code="i">Pseudonym</subfield>
      <subfield code="e">Pseudonym</subfield>
      <subfield code="9">v:RAK alt</subfield>
    </datafield>
    <datafield tag="400" ind1="1" ind2=" ">
      <subfield code="a">DallaFratta, Camillo S.</subfield>
      <subfield code="d">1568-1634</subfield>
      <subfield code="4">pseu</subfield>
      <subfield code="4">https://d-nb.info/standards/elementset/gnd#pseudonym</subfield>
      <subfield code="w">r</subfield>
      <subfield code="i">Pseudonym</subfield>
      <subfield code="e">Pseudonym</subfield>
      <subfield code="9">v:RAK alt</subfield>
    </datafield>
    <datafield tag="400" ind1="1" ind2=" ">
      <subfield code="a">Banchieri, Adriano Tomaso</subfield>
      <subfield code="d">1568-1634</subfield>
    </datafield>
    <datafield tag="400" ind1="1" ind2=" ">
      <subfield code="a">Bianchieri, Adriano</subfield>
      <subfield code="d">1568-1634</subfield>
    </datafield>
    <datafield tag="400" ind1="0" ind2=" ">
      <subfield code="a">Adriano</subfield>
      <subfield code="c">da Bologna</subfield>
      <subfield code="d">1568-1634</subfield>
    </datafield>
    <datafield tag="400" ind1="1" ind2=" ">
      <subfield code="a">Bologna, Adriano &#152;da&#156;</subfield>
      <subfield code="d">1568-1634</subfield>
    </datafield>
    <datafield tag="400" ind1="1" ind2=" ">
      <subfield code="a">Bianchieri, A.</subfield>
      <subfield code="d">1568-1634</subfield>
    </datafield>
    <datafield tag="400" ind1="1" ind2=" ">
      <subfield code="a">Bankieri, A.</subfield>
      <subfield code="d">1568-1634</subfield>
    </datafield>
    <datafield tag="400" ind1="1" ind2=" ">
      <subfield code="a">Bankieri, Adriano</subfield>
      <subfield code="d">1568-1634</subfield>
    </datafield>
    <datafield tag="400" ind1="1" ind2=" ">
      <subfield code="a">Banchieri, A.</subfield>
      <subfield code="d">1568-1634</subfield>
    </datafield>
    <datafield tag="548" ind1=" " ind2=" ">
      <subfield code="a">03.09.1568-</subfield>
      <subfield code="4">datx</subfield>
      <subfield code="4">https://d-nb.info/standards/elementset/gnd#dateOfBirth</subfield>
      <subfield code="w">r</subfield>
      <subfield code="i">Exakte Lebensdaten</subfield>
    </datafield>
    <datafield tag="548" ind1=" " ind2=" ">
      <subfield code="a">1568-1634</subfield>
      <subfield code="4">datl</subfield>
      <subfield code="4">https://d-nb.info/standards/elementset/gnd#dateOfBirthAndDeath</subfield>
      <subfield code="w">r</subfield>
      <subfield code="i">Lebensdaten</subfield>
    </datafield>
    <datafield tag="550" ind1=" " ind2=" ">
      <subfield code="0">(DE-101)04032009X</subfield>
      <subfield code="0">(DE-588)4032009-1</subfield>
      <subfield code="0">https://d-nb.info/gnd/4032009-1</subfield>
      <subfield code="a">Komponist</subfield>
      <subfield code="4">berc</subfield>
      <subfield code="4">https://d-nb.info/standards/elementset/gnd#professionOrOccupation</subfield>
      <subfield code="w">r</subfield>
      <subfield code="i">Charakteristischer Beruf</subfield>
    </datafield>
    <datafield tag="550" ind1=" " ind2=" ">
      <subfield code="0">(DE-101)040533093</subfield>
      <subfield code="0">(DE-588)4053309-8</subfield>
      <subfield code="0">https://d-nb.info/gnd/4053309-8</subfield>
      <subfield code="a">Schriftsteller</subfield>
      <subfield code="4">beru</subfield>
      <subfield code="4">https://d-nb.info/standards/elementset/gnd#professionOrOccupation</subfield>
      <subfield code="w">r</subfield>
      <subfield code="i">Beruf</subfield>
    </datafield>
    <datafield tag="550" ind1=" " ind2=" ">
      <subfield code="0">(DE-101)041664728</subfield>
      <subfield code="0">(DE-588)4166472-3</subfield>
      <subfield code="0">https://d-nb.info/gnd/4166472-3</subfield>
      <subfield code="a">Laienbruder</subfield>
      <subfield code="4">beru</subfield>
      <subfield code="4">https://d-nb.info/standards/elementset/gnd#professionOrOccupation</subfield>
      <subfield code="w">r</subfield>
      <subfield code="i">Beruf</subfield>
      <subfield code="9">v:Benediktiner</subfield>
    </datafield>
    <datafield tag="551" ind1=" " ind2=" ">
      <subfield code="0">(DE-101)040076164</subfield>
      <subfield code="0">(DE-588)4007616-7</subfield>
      <subfield code="0">https://d-nb.info/gnd/4007616-7</subfield>
      <subfield code="a">Bologna</subfield>
      <subfield code="4">ortg</subfield>
      <subfield code="4">https://d-nb.info/standards/elementset/gnd#placeOfBirth</subfield>
      <subfield code="w">r</subfield>
      <subfield code="i">Geburtsort</subfield>
    </datafield>
    <datafield tag="667" ind1=" " ind2=" ">
      <subfield code="a">12</subfield>
    </datafield>
    <datafield tag="667" ind1=" " ind2=" ">
      <subfield code="a">384</subfield>
    </datafield>
    <datafield tag="667" ind1=" " ind2=" ">
      <subfield code="a">7</subfield>
    </datafield>
    <datafield tag="667" ind1=" " ind2=" ">
      <subfield code="a">VD-17</subfield>
    </datafield>
    <datafield tag="670" ind1=" " ind2=" ">
      <subfield code="a">NG;MGG;LCAuth</subfield>
    </datafield>
    <datafield tag="670" ind1=" " ind2=" ">
      <subfield code="a">z.T. nach LCAuth</subfield>
    </datafield>
    <datafield tag="672" ind1=" " ind2="0">
      <subfield code="a">Von Deß Esels Adel. Und Der Saw Triumph</subfield>
      <subfield code="f">1617</subfield>
    </datafield>
    <datafield tag="672" ind1=" " ind2="0">
      <subfield code="a">La nobiltà dell'asino</subfield>
      <subfield code="f">1664</subfield>
    </datafield>
    <datafield tag="672" ind1=" " ind2="0">
      <subfield code="a">La nobiltà dell'asino</subfield>
      <subfield code="f">1666</subfield>
    </datafield>
    <datafield tag="672" ind1=" " ind2="0">
      <subfield code="a">Discorso della lingua bolognese</subfield>
      <subfield code="f">1630</subfield>
    </datafield>
    <datafield tag="672" ind1=" " ind2="0">
      <subfield code="a">Novella di cacasenno figlio del semplice Bertoldino. - [ca. 1750]</subfield>
    </datafield>
    <datafield tag="672" ind1=" " ind2="0">
      <subfield code="a">The noblenesse of the asse</subfield>
      <subfield code="f">1595</subfield>
    </datafield>
    <datafield tag="672" ind1=" " ind2="0">
      <subfield code="a">Cartella musicale nel canto figurato, fermo, &amp; contrapuncto</subfield>
      <subfield code="f">1968</subfield>
    </datafield>
    <datafield tag="672" ind1=" " ind2="0">
      <subfield code="a">Conclusioni nel suono dell'organo</subfield>
      <subfield code="f">1968</subfield>
    </datafield>
    <datafield tag="672" ind1=" " ind2="0">
      <subfield code="a">Conclusioni nel suono dell'organo</subfield>
      <subfield code="f">1975</subfield>
    </datafield>
    <datafield tag="672" ind1=" " ind2="0">
      <subfield code="a">Lettere armoniche</subfield>
      <subfield code="f">1968</subfield>
    </datafield>
    <datafield tag="672" ind1=" " ind2="0">
      <subfield code="a">Lettere scritte à diversi patroni, &amp; amici</subfield>
      <subfield code="f">1968</subfield>
    </datafield>
    <datafield tag="678" ind1=" " ind2=" ">
      <subfield code="b">Benediktinermönch; Dichter; Musiker; Komponist</subfield>
    </datafield>
    <datafield tag="700" ind1="1" ind2="7">
      <subfield code="0">(DLC)n 81024793</subfield>
      <subfield code="2">naf</subfield>
    </datafield>
    <datafield tag="913" ind1=" " ind2=" ">
      <subfield code="S">pnd</subfield>
      <subfield code="i">a</subfield>
      <subfield code="a">Banchieri, Adriano</subfield>
      <subfield code="0">(DE-588a)118506374</subfield>
    </datafield>
  </record>
